@inproceedings{Wobbrock09,
 author = {Wobbrock, Jacob O. and Morris, Meredith Ringel and Wilson, Andrew D.},
 title = {User-defined gestures for surface computing},
 booktitle = {Proceedings of the SIGCHI Conference on Human Factors in Computing Systems},
 series = {CHI '09},
 year = {2009},
 pages = {1083--1092},
}

@article{Oka02,
Author = {Oka, Kenji and Sato, Yoichi and Koike, Hideki},
Journal = {IEEE Computer Graphics and Applications},
Number = {6},
Pages = {64--71},
Publisher = {IEEE Computer Society},
Title = {Real-Time Fingertip Tracking and Gesture Recognition},
Volume = {22},
Year = {2002}}

@inproceedings{wang06,
  title={Hidden conditional random fields for gesture recognition},
  author={Wang, S.B. and Quattoni, A. and Morency, L.P. and Demirdjian, D. and Darrell, T.},
  booktitle={CVPR},
  volume={2},
  pages={1521--1527},
  year={2006},
}

@inproceedings{morency07,
  title={Latent-dynamic discriminative models for continuous gesture recognition},
  author={Morency, L.P. and Quattoni, A. and Darrell, T.},
  booktitle={CVPR},
  pages={1--8},
  year={2007},
  organization={Ieee}
}

@inproceedings{Malik05,
 author = {Malik, Shahzad and Ranjan, Abhishek and Balakrishnan, Ravin},
 title = {Interacting with large displays from a distance with vision-tracked multi-finger gestural input},
 booktitle = {UIST},
 year = {2005},
 pages = {43--52}
}

@inproceedings{Morris06,
 author = {Morris, Meredith Ringel and Huang, Anqi and Paepcke, Andreas and Winograd, Terry},
 title = {Cooperative gestures: multi-user gestural interactions for co-located groupware},
 booktitle = {Proceedings of the SIGCHI Conference on Human Factors in Computing Systems},
 series = {CHI '06},
 year = {2006},
 pages = {1201--1210},
 publisher = {ACM},
}

@inproceedings{Rekimoto02,
 author = {Rekimoto, Jun},
 title = {SmartSkin: an infrastructure for freehand manipulation on interactive surfaces},
 booktitle = {Proceedings of the SIGCHI Conference on Human Factors in Computing Systems},
 series = {CHI '02},
 year = {2002},
 pages = {113--120}
}

@inproceedings{Tse06,
 author = {Tse, Edward and Shen, Chia and Greenberg, Saul and Forlines, Clifton},
 title = {Enabling interaction with single user applications through speech and gestures on a multi-user tabletop},
 booktitle = {Proceedings of the working conference on Advanced visual interfaces},
 series = {AVI},
 year = {2006},
 pages = {336--343},
}

@article{Pavlovic97,
Author = {Vladimir I. Pavlovic and Rajeev Sharma and Thomas S. Huang},
Journal = {IEEE Transactions on Pattern Analysis and Machine Intelligence},
Pages = {677--695},
Title = {Visual Interpretation of Hand Gestures for Human-Computer Interaction: A Review},
Volume = {19},
Year = {1997}}

@inbook{kendon86,
  title={Current issue in the study of gesture},
  booktitle={The biological foundations of gestures: motor and semiotic aspects},
  publisher={Lawrrence Erlbaum Assoc.},
  year={1986},
  editor={Nespoulous, J.-L., Peron, P., and Lecours, A. R.},
  author={Kendon, A.}
}

@inbook{Mcneil82,
  title={Conceptual representations in language activity and gesture},
  booktitle={Speech, place and action: studies in deixis and related topics},
  publisher={Wiley},
  author={McNeil, D. and Levy, E.},
  editor={Jarvella, J. and Klein, W.},
  year={1982}
}

@inproceedings{sharma00,
  title={Exploiting speech/gesture co-occurrence for improving continuous gesture recognition in weather narration},
  author={Sharma, Rajeev and Cai, Jiongyu and Chakravarthy, Srivat and Poddar, Indrajit and Sethi, Yogesh},
  booktitle={Proc. Automatic Face and Gesture Recognition},
  pages={422--427},
  year={2000},
}

@inproceedings{Kim12,
 author = {Kim, David and Hilliges, Otmar and Izadi, Shahram and Butler, Alex D. and Chen, Jiawen and Oikonomidis, Iason and Olivier, Patrick},
 title = {Digits: freehand 3D interactions anywhere using a wrist-worn gloveless sensor},
 booktitle = {Proceedings of the 25th annual ACM symposium on User interface software and technology},
 series = {UIST '12},
 year = {2012},
 pages = {167--176},
}

@inproceedings{Madhvanath12,
 author = {Madhvanath, Sriganesh and Vennelakanti, Ramadevi and Subramanian, Anbumani and Shekhawat, Ankit and Dey, Prasenjit and Rajan, Amit},
 title = {Designing multiuser multimodal gestural interactions for the living room},
 booktitle = {Proceedings of the 14th ACM international conference on Multimodal interaction},
 series = {ICMI '12},
 year = {2012},
 pages = {61--62},
}

@phdthesis{murphy02,
  title={Dynamic bayesian networks: representation, inference and learning},
  author={Murphy, K.P.},
  year={2002},
  school={University of California}
}

@mastersthesis{dicintio2012,
author = {Dicintio, Sabrina},
title = {Comparing Approaches to Initializing the Expectation-Maximization Algorithm},
school = {The University of Guelph},
year = {2012}
}

@MastersThesis{francoise10,
  author =   {Fran\c coise, Jules},
  title =    {Realtime segmentation and recognition of gestures using hierarchical
              {M}arkov models},
  school =   {Universite Pierre et Marie Curie, IRCAM},
  year =     {2010--2011},
}

@INPROCEEDINGS{Starner95,
    author = {Thad Starner and Alex Pentland},
    title = {Visual recognition of {A}merican sign language using hidden
             {M}arkov models},
    booktitle = {International Workshop on Automatic Face and Gesture Recognition},
    year = {1995},
    pages = {189--194}
}

@inproceedings{bui00,
  title={On the recognition of abstract Markov policies},
  author={Bui, Hung H and Venkatesh, Svetha and West, Geoff},
  booktitle={Proceedings of the National Conference on Artificial Intelligence},
  pages={524--530},
  year={2000},
}

@article{bui01,
  title={Tracking and surveillance in wide-area spatial environments using the Abstract Hidden Markov Model},
  author={Bui, Hung H and Venkatesh, Svetha and West, Geoff},
  journal={International Journal of Pattern Recognition and Artificial Intelligence},
  volume={15},
  number={01},
  pages={177--196},
  year={2001},
  publisher={World Scientific}
}

@INPROCEEDINGS{turk91,
author={Turk, M.A. and Pentland, A.P.},
booktitle={CVPR},
title={Face recognition using eigenfaces},
year={1991},
pages={586-591},
}

@techreport{fraley12,
  title={mclust Version 4 for R: Normal Mixture Modeling for Model-Based Clustering, Classification, and Density Estimation},
  author={Fraley, Chris and Raftery, Adrian E and Murphy, T Brendan and Scrucca, Luca},
  year={2012},
  institution={Technical Report}
}

@article{song12,
  author = {Song, Y. and Demirdjian, D. and Davis, R.},
  title = {Continuous Body and Hand Gesture Recognition for Natural
           Human-Computer Interaction},
  journal = {ACM Transactions on Interactive Intelligent Systems (TiiS)},
  year = {2012},
}

@INPROCEEDINGS{suryanarayan10,
author={Suryanarayan, P. and Subramanian, A. and Mandalapu, D.},
booktitle={ICPR},
title={Dynamic Hand Pose Recognition Using Depth Data},
year={2010},
pages={3105-3108},
}

@article{Rabiner90,
    Author = {Lawrence R. Rabiner},
    Book = {Readings in speech recognition},
    Pages = {267--296},
    Publisher = {Morgan Kaufmann Publishers Inc.},
    Title = {A tutorial on hidden Markov models and selected applications in speech recognition},
    Year = {1990}}

@InProceedings{yin10,
  author = {Yin, Y. and Davis, R.},
  title = {Toward Natural Interaction in the Real World: Real-time Gesture Recognition},
  booktitle = {ICMI},
  year = {2010},
}

@article{fine98,
  title={The hierarchical hidden Markov model: Analysis and applications},
  author={Fine, S. and Singer, Y. and Tishby, N.},
  journal={Machine learning},
  volume={32},
  number={1},
  pages={41--62},
  year={1998},
  publisher={Springer}
}
@MISC{Bradski98,
    author = {Gary R. Bradski},
    title = {Computer Vision Face Tracking For Use in a Perceptual User Interface},
    year = {1998}
}

@article{Malassiotis08,
title = "Real-time hand posture recognition using range data",
journal = "Image and Vision Computing",
volume = "26",
number = "7",
pages = "1027 - 1037",
year = "2008",
author = "S. Malassiotis and M.G. Strintzis",
}

@article{asaari12,
  title={Real time hand tracking system using predictive eigenhand tracker},
  author={Asaari, M and Suandi, S},
  journal={Aust J Basic Appl Sci},
  volume={6},
  number={2},
  pages={190--198},
  year={2012}
}

@INPROCEEDINGS{tantachun06,
author={Tantachun, S. and Pintavirooj, C. and Lertprasart, P. and Bunluechokchai, S.},
booktitle={Industrial Electronics and Applications},
title={Biometrics with Eigen-Hand},
year={2006},
pages={1-4},}

@article{Wang09,
    Author = {Robert Y. Wang and Jovan Popovi{\'c}},
    Journal = {ACM Transactions on Graphics},
    Number = {3},
    Title = {{Real-time hand-tracking with a color glove}},
    Volume = {28},
    Year = {2009}}

@INPROCEEDINGS{nguyen05,
author={Nguyen, N.T. and Phung, D.Q. and Venkatesh, S. and Bui, H.},
booktitle={CVPR},
title={Learning and detecting activities from movement trajectories using the hierarchical hidden Markov model},
year={2005},
volume={2},
pages={955-960 vol. 2},
}

@INPROCEEDINGS{nguyen03,
author={Nguyen, N.T. and Bui, H.H. and Venkatsh, S. and West, G.},
booktitle={CVPR}, title={Recognizing and monitoring high-level behaviors in complex spatial environments},
year={2003},
volume={2},
pages={II-620-5 vol.2},
}

@inproceedings{Hariharan12,
 author = {Hariharan, Bharath and Malik, Jitendra and Ramanan, Deva},
 title = {Discriminative decorrelation for clustering and classification},
 booktitle = {Proceedings of the 12th European conference on Computer Vision - Volume Part IV},
 series = {ECCV'12},
 year = {2012},
 location = {Florence, Italy},
 pages = {459--472},
 address = {Berlin, Heidelberg},
}

@INPROCEEDINGS{dalal05,
author={Dalal, N. and Triggs, B.},
booktitle={Computer Vision and Pattern Recognition, 2005. CVPR 2005. IEEE Computer Society Conference on},
title={Histograms of oriented gradients for human detection},
year={2005},
volume={1},
pages={886-893 vol. 1},
}

@INPROCEEDINGS{Freeman94,
author = {William T. Freeman and Michal Roth},
title = {Orientation Histograms for Hand Gesture Recognition},
booktitle = {In International Workshop on Automatic Face and
Gesture Recognition},
year = {1994},
pages = {296--301}
}

@inproceedings{Yin2012,
 author = {Yin, Ying},
 title = {A hierarchical approach to continuous gesture analysis for natural multi-modal interaction},
 booktitle = {Proceedings of the 14th ACM international conference on Multimodal interaction},
 series = {ICMI '12},
 year = {2012},
 pages = {357--360},
} 

@inproceedings{Ruffieux2013,
author = {S. Ruffieux and D. Lalanne and E. Mugellini and D. Roggen},
title = {ChAirGest - {A} Challenge for Multimodal Mid-Air Gesture Recognition for close {HCI}},
booktitle = {ICMI 2013 (to appear)},
year = {2013}
}

@inproceedings{SongDD2011b,
author = {Yale Song and 
        David Demirdjian and
        Randall Davis},
title = {Multi-Signal Gesture Recognition Using Temporal Smoothing Hidden Conditional Random Fields},
booktitle = {Proc. FG},
pages = {388-393},
year = {2011},
}

@INPROCEEDINGS{krahnstoever2002, 
author={Krahnstoever, N. and Kettebekov, S. and Yeasin, M. and Sharma, R.}, 
booktitle={Multimodal Interfaces, 2002. Proceedings. Fourth IEEE International Conference on}, 
title={A real-time framework for natural multimodal interaction with large screen displays}, 
year={2002}, 
pages={349-354}, 
}

@INPROCEEDINGS{Pavlovic99,
    author = {Vladimir Pavlovic and James M. Rehg and Tat-jen Cham and Kevin P. Murphy},
    title = {A Dynamic Bayesian Network Approach to Figure Tracking Using Learned Dynamic Models},
    booktitle = {},
    year = {1999},
    pages = {94--101}
}

@book{Russell2003,
 author = {Russell, Stuart J. and Norvig, Peter},
 title = {Artificial intelligence: a modern approach},
 year = {2003},
 publisher = {Prentice-Hall, Inc.},
}
 
@inproceedings{wang-spatio-2009,
  title={Evaluation of local spatio-temporal features for action recognition},
  author={Wang, Heng and Ullah, Muhammad Muneeb and Klaser, Alexander and Laptev, Ivan and Schmid, Cordelia and others},
  booktitle={BMVC},
  year={2009}
}

@inproceedings{fei2005,
  title={A bayesian hierarchical model for learning natural scene categories},
  author={Fei-Fei, Li and Perona, Pietro},
  booktitle={Computer Vision and Pattern Recognition, 2005. CVPR 2005. IEEE Computer Society Conference on},
  volume={2},
  pages={524--531},
  year={2005},
}

@INPROCEEDINGS{marcos2013,
     author = {Marcos-Ramiro, Alvaro and Pizarro-Perez, Daniel and Marron-Romera, Marta and Nguyen, Laurent Son and Gatica-Perez, Daniel},
      title = {},
  booktitle = {Proceedings of IEEE International Conference on Automatic Face and Gesture Recognition},
       year = {2013},
}

@INPROCEEDINGS{laptev2003, 
author={Laptev, I. and Lindeberg, T.}, 
booktitle={Proc. ICCV}, 
title={Space-time interest points}, 
year={2003}, 
pages={432-439 vol.1}, 
}

@INPROCEEDINGS{laptev2008, 
author={Laptev, I. and Marszalek, M. and Schmid, C. and Rozenfeld, B.}, 
booktitle={CVPR}, 
title={Learning realistic human actions from movies}, 
year={2008}, 
pages={1-8}, 
}

@Misc{welsh:2011,
  author = {Jacob Welsh, and Rebecca Stewart},
  title = {Kinect for Xbox 360: Technology + Two Applications},
  month = may,
  year = {2011},
  howpublished = {\url{http://www.cs.virginia.edu/~jfw3x/cs4501/}}
}

@INPROCEEDINGS{cutler1998, 
author={Cutler, R. and Turk, M.}, 
booktitle={Proc. Automatic Face and Gesture Recognition}, 
title={View-based interpretation of real-time optical flow for gesture recognition}, 
year={1998}, 
pages={416-421}, 
}

@article{Fraley:2003,
 author = {Fraley, Chris and Raftery, Adrian E.},
 title = {Enhanced Model-Based Clustering, Density Estimation,and Discriminant Analysis Software: MCLUST},
 journal = {J. Classif.},
 issue_date = {September 2003},
 volume = {20},
 number = {2},
 pages = {263--286},
 publisher = {Springer-Verlag New York, Inc.},
} 

@conference{konecny2012,
author={Kone\v{c}n\'{y}, Jakub and Hagara, Michal},
title={One-shot learning gesture recognition using HOG/HOF features},
booktitle={ICPR gesture recognition workshop},
year={2012}
}

@INPROCEEDINGS{Harris88,
    author = {Chris Harris and Mike Stephens},
    title = {A combined corner and edge detector},
    booktitle = {In Proc. of Fourth Alvey Vision Conference},
    year = {1988},
    pages = {147--151}
}

@INPROCEEDINGS{Shotton:2011,
    author = {Jamie Shotton and Andrew Fitzgibbon and Mat Cook and Toby Sharp and Mark Finocchio and Richard Moore and Alex Kipman and Andrew Blake},
    title = {Real-time human pose recognition in parts from single depth images},
    booktitle = {CVPR},
    year = {2011}
}

@article{shin2004,
  title={Gesture recognition using Bezier curves for visualization navigation from registered 3-D data},
  author={Shin, Min C and Tsap, Leonid V and Goldgof, Dmitry B},
  journal={Pattern Recognition},
  volume={37},
  number={5},
  pages={1011--1024},
  year={2004},
}

@INPROCEEDINGS{1038016, 
author={Son Lam Phung and Bouzerdoum, A. and Chai, D.}, 
booktitle={Proc. International Conference on Image Processing}, 
title={A novel skin color model in YCbCr color space and its application to human face detection}, 
year={2002}, 
volume={1}, 
pages={289--292}, 
}